<?xml version="1.0" encoding="UTF-8"?>
<collection xmlns:xsi="http://www.w3.org/2001/XMLSchema-instance" xsi:schemaLocation="http://www.loc.gov/MARC21/slim http://www.loc.gov/standards/marcxml/schema/MARC21slim.xsd" xmlns="http://www.loc.gov/MARC21/slim">
<record>
  <leader>00808cam a22001931  4500</leader>
  <controlfield tag="001">3279364</controlfield>
  <controlfield tag="003">NNC</controlfield>
  <controlfield tag="005">20130426155719.0</controlfield>
  <controlfield tag="008">010831m19059999ua            000 0 ara d</controlfield>
  <datafield tag="035" ind1=" " ind2=" ">
    <subfield code="a">(OCoLC)ocm47890535</subfield>
  </datafield>
  <datafield tag="035" ind1=" " ind2=" ">
    <subfield code="9">AUR2125CU</subfield>
  </datafield>
  <datafield tag="035" ind1=" " ind2=" ">
    <subfield code="a">(NNC)3279364</subfield>
  </datafield>
  <datafield tag="040" ind1=" " ind2=" ">
    <subfield code="a">ZCU</subfield>
    <subfield code="c">ZCU</subfield>
  </datafield>
  <datafield tag="099" ind1=" " ind2=" ">
    <subfield code="a">893.783</subfield>
    <subfield code="a">M883</subfield>
  </datafield>
  <datafield tag="100" ind1="1" ind2=" ">
    <subfield code="a">Mubarrad, Muḥammad ibn Yazīd,</subfield>
    <subfield code="d">-898.</subfield>
  </datafield>
  <datafield tag="245" ind1="1" ind2="0">
    <subfield code="a">Kitāb al-Kāmil fī al-lughah wa-al-adab,</subfield>
    <subfield code="c">taʾlīf Abī-al-ʻAbbās Muḥammad ibn Yazīd al-maʻruf bi al-Mubarrad al-Naḥwī. Waqad ṭuriza hāmishuhū bi-kitāb al-Fuṣūl al-mukhtārah min kutub Abī ʻUthmān ʻAmr al-Jaḥiẓ ibn Baḥr ... ikhtiyār al-imām ʻUbayd-Allāh ibn Ḥassan.</subfield>
  </datafield>
  <datafield tag="260" ind1=" " ind2=" ">
    <subfield code="a">Miṣr,</subfield>
    <subfield code="b">Maṭbaʻat al-Taqaddum al-ʻIlmīyah,</subfield>
    <subfield code="c">1323 [1905]-</subfield>
  </datafield>
  <datafield tag="300" ind1=" " ind2=" ">
    <subfield code="a">v.</subfield>
  </datafield>
  <datafield tag="955" ind1=" " ind2=" ">
    <subfield code="b">0061914550</subfield>
    <subfield code="d">glx</subfield>
    <subfield code="e">893.783 M883</subfield>
    <subfield code="v">v.1</subfield>
  </datafield>
</record>
</collection>